<?xml version="1.0" encoding="UTF-8"?><collection xmlns="http://www.loc.gov/MARC21/slim"><record><leader>00524nam--2200181-i-4500</leader><controlfield tag="001">000007988</controlfield><controlfield tag="002">20161230</controlfield><controlfield tag="005">20161230201027</controlfield><controlfield tag="008">060222s1000------------r-----000-0-eng-d</controlfield><datafield ind1=" " ind2=" " tag="040"><subfield code="a">IFIN-HH</subfield></datafield><datafield ind1=" " ind2=" " tag="080"><subfield code="a">539.125.5.164</subfield></datafield><datafield ind1="1" ind2=" " tag="100"><subfield code="a">Chapman, D</subfield></datafield><datafield ind1="1" ind2="0" tag="245"><subfield code="a">Introduction to practical high resolution nuclear magnetic resonance spectroscopy</subfield><subfield code="c">D. chapman, p.d. magnus</subfield></datafield><datafield ind1=" " ind2=" " tag="260"><subfield code="a">London</subfield><subfield code="b">Academic Press</subfield><subfield code="c">1966</subfield></datafield><datafield ind1=" " ind2=" " tag="300"><subfield code="a">IX + 112 P</subfield></datafield><datafield ind1="1" ind2=" " tag="700"><subfield code="a">Magnus, P.D</subfield></datafield><datafield ind1=" " ind2=" " tag="852"><subfield code="a">25705</subfield><subfield code="c">539.163.2</subfield></datafield><datafield ind1=" " ind2=" " tag="CAT"><subfield code="a">Sys</subfield><subfield code="c">20120523</subfield><subfield code="h">092130</subfield></datafield></record></collection>